@misc{ast-explorer,
    author = "Felix Kling",
    title = "AST explorer",
    url = {https://astexplorer.net},
    type = {web page},
    year = {{2021}},
    urldate = {2021-05-09}
}

@MANUAL{atom-docs,
    author = "GitHub, Inc.",
    title = "Atom Flight Manual",
    url = {https://flight-manual.atom.io},
    year = {{2021}},
    urldate = {2021-04-25}
}

@misc{atom-lsp-client-github,
    author = "GitHub, Inc.",
    title = "GitHub: Atom Language Server Protocol Client",
    url = {https://github.com/atom-community/atom-languageclient},
    type = {web page},
    year = {{2021}},
    urldate = {2021-05-02}
}

@misc{atom-package-atom-ctags-github,
    author = "Yongkang Chen",
    title = "GitHub: Atom Ctags Package",
    url = {https://github.com/yongkangchen/atom-ctags},
    type = {web page},
    year = {{2021}},
    urldate = {2021-05-01}
}

@misc{atom-package-tasks,
    author = "Christopher Rolfs",
    title = "Atom packages: Tasks Package",
    url = {https://atom.io/packages/tasks},
    type = {web page},
    year = {{2018}},
    urldate = {2021-05-08}
}

@misc{atom-package-autocomplete-plus,
    author = "GitHub, Inc.",
    title = "Atom packages: Autocomplete+ package",
    url = {https://atom.io/packages/autocomplete-plus},
    type = {web page},
    year = {{2021}},
    urldate = {2021-05-06}
}

@misc{atom-package-hydrogen,
    author = "Will Whitney",
    title = "Atom packages: Hydrogen",
    url = {https://atom.io/packages/hydrogen},
    type = {web page},
    year = {{2021}},
    urldate = {2021-05-06}
}

@misc{atom-package-symbols-view,
    author = "GitHub, Inc.",
    title = "Atom packages: Symbols View package",
    url = {https://atom.io/packages/symbols-view},
    type = {web page},
    year = {{2020}},
    urldate = {2021-05-01}
}

@misc{atom-package-symbols-view-github,
    author = "GitHub, Inc.",
    title = "GitHub: Symbols View package",
    url = {https://github.com/atom/symbols-view},
    type = {web page},
    year = {{2020}},
    urldate = {2021-05-01}
}

@MANUAL{electron-docs,
    author = "OpenJS Foundation",
    title = "Electron Documentation",
    url = {https://www.electronjs.org/docs},
    year = {{2021}},
    urldate = {2021-04-24}
}

@MANUAL{ctags-docs,
    author = "Darren Hiebert",
    title = "Exuberant Ctags",
    url = {http://ctags.sourceforge.net},
    year = {{2009}},
    urldate = {2021-05-01}
}

@misc{github-action-setup-atom,
    author = "Tony Brix",
    title = "GitHub: Setup Atom and APM",
    url = {https://github.com/UziTech/action-setup-atom},
    type = {web page},
    year = {{2021}},
    urldate = {2021-05-06}
}

@misc{jasmine-releases,
    author = "Pivotal Labs",
    title = "GitHub: Jasmine Releases",
    url = {https://github.com/jasmine/jasmine/releases},
    type = {web page},
    year = {{2021}},
    urldate = {2021-04-25}
}

@MANUAL{lsp-docs,
    author = "Microsoft Corporation",
    title = "Language Server Protocol",
    url = {https://microsoft.github.io/language-server-protocol/},
    year = {{2021}},
    urldate = {2021-05-02}
}

@MANUAL{mathjax3-docs,
    author = "MathJax Consortium, The",
    title = "MathJax 3.1 Documentation",
    url = {http://docs.mathjax.org/en/v3.1-latest/},
    year = {{2021}},
    urldate = {2021-05-09}
}

@misc{npm,
    author = "npm, Inc.",
    title = "npm",
    url = {https://www.npmjs.com},
    type = {web page},
    year = {{2021}},
    urldate = {2021-05-06}
}

@book{pkm,
    author = {Tomáš Kalvoda},
    title = "Přípravný kurz matematiky",
    publisher = "Praha: České vysoké učení technické v Praze, Fakulta informačních technologií",
    url = {https://kam.fit.cvut.cz/deploy/bi-pkm/mirror/},
    year = {{2021}},
    urldate = {2021-04-22}
}

@MANUAL{sublime-text-docs,
    author = "Sublime HQ Pty, Ltd",
    title = "Sublime Text 3 Documentation",
    url = {https://www.sublimetext.com/docs/3/},
    year = {{2021}},
    urldate = {2021-05-08}
}

@misc{test-runner-jasmine3-github,
    author = "Tony Brix",
    title = "GitHub: Atom Jasmine 3.x Test Runner",
    url = {https://github.com/UziTech/atom-jasmine3-test-runner},
    type = {web page},
    year = {{2021}},
    urldate = {2021-05-06}
}

@misc{test-runner-jest-github,
    author = "Kepler Sticka-Jones",
    title = "GitHub: atom-test-runner-jest",
    url = {https://github.com/keplersj/atom-test-runner-jest},
    type = {web page},
    year = {{2021}},
    urldate = {2021-05-06}
}

@misc{test-runner-mocha-github,
    author = "Michelle Tilley",
    title = "GitHub: Atom Mocha Test Runner",
    url = {https://github.com/atom/atom-mocha-test-runner},
    type = {web page},
    year = {{2021}},
    urldate = {2021-05-06}
}

@MANUAL{tree-sitter-docs,
    author = "Max Brunsfeld",
    title = "Tree-sitter",
    url = {https://tree-sitter.github.io/tree-sitter/},
    year = {{2021}},
    urldate = {2021-05-08}
}

@MANUAL{vscode-docs,
    author = "Microsoft Corporation",
    title = "Documentation for Visual Studio Code",
    url = {https://code.visualstudio.com/docs},
    year = {{2021}},
    urldate = {2021-05-08}
}

@MANUAL{w3-html-css,
    author = "World Wide Web Consortium",
    title = "HTML \& CSS",
    url = {https://www.w3.org/standards/webdesign/htmlcss},
    year = {{2016}},
    urldate = {2021-04-24}
}

@MANUAL{word-docs,
    author = {Microsoft Corporation},
    title = "Word help \& learning",
    url = {https://support.microsoft.com/en-us/word},
    year = {{2021}},
    urldate = {2021-05-01}
}

@MANUAL{woowoo,
    author = {Tomáš Kalvoda},
    title = "WooWoo Specs",
    publisher = "Praha: České vysoké učení technické v Praze, Fakulta informačních technologií",
    url = {https://kam.fit.cvut.cz/deploy/woowoo-specs/woowoo-specs.pdf},
    year = {{2021}},
    urldate = {2021-05-03}
}



@MANUAL{svgspec,
    title = "Scalable Vector Graphics (SVG) 1.1 Specification {[online]}",
    organization = "WWW Consorcium",
    url = "http://www.w3.org/TR/2003/REC-SVG11-20030114/",
    note = "[cit. 2011-07-07]",
    key = "svg"
}

@INBOOK{kobltypo,
	title = "Praktick{\' a} typografie",
	author = "Pavel Ko{\v c}i{\v c}ka and Filip Bla{\v z}ek",
	publisher = "Brno: Computer Press",
	year = "2004"
}

@BOOK{rybicka,
	title = "LaTeX pro za\v c\'ate\v cn\'\i{}ky",
	author = "Ji{\v r}{\' i} Rybi{\v c}ka",
	isbn = "80-7302-049-1",
	publisher = "Brno: Konvoj",
	edition = "3"
}

@MANUAL{iso690,
	organization = "\'U\v rad pro technickou normalizaci, metrologii a st\'atn\'\i{} zku\v sebnictv\'\i{}",
	title = "\v CSN ISO 690 Informace a dokumentace -- Pravidla pro bibliografick\'e odkazy a citace informa\v cn\'\i{}ch zdroj{\r u}",
	year = "2011"
}


@ARTICLE {sitova-karta-s-fpga-xilinx,
    title  = "Síťová karta s FPGA Xilinx pro 1 a 10GbE",
    journal = "V: Pandatron - elektrotechnický magazín {[online]}",
    howpublished = "[online]",
    month  = "červen",
    year   = "2013",
    note = "[cit. 2015-10-31]",
    url    = "http://pandatron.cz/?2939&sitova_karta_s_fpga_xilinx_pro_1_a_10gbe"
}